<?xml version="1.0" encoding="UTF-8"?><collection xmlns="http://www.loc.gov/MARC21/slim"><record><leader>00394nam--2200133-i-4500</leader><controlfield tag="001">000022578</controlfield><controlfield tag="002">20161230</controlfield><controlfield tag="005">20161230201034</controlfield><controlfield tag="008">060222s1000------------r-----000-0-eng-d</controlfield><datafield ind1=" " ind2=" " tag="080"><subfield code="a">519.2</subfield></datafield><datafield ind1=" " ind2=" " tag="100"><subfield code="a">Hamilton, Walter Clark</subfield></datafield><datafield ind1=" " ind2=" " tag="245"><subfield code="a">Statistics in physical science. estimation hypothesis testing and least squares</subfield></datafield><datafield ind1=" " ind2=" " tag="260"><subfield code="a">New York, The Rondal Press Company, 1964. Xi + 230 P</subfield></datafield><datafield ind1=" " ind2=" " tag="852"><subfield code="a">53</subfield></datafield></record></collection>